@inproceedings{ zilles95constraintbased,
  author = "C. Zilles and J. Salisbury",
  title = "A Constraint Based God-Object Method For Haptic Display",
  booktitle = "Proceedings of the IEE/RSJ International Conference on Intelligent
    Robots and Systems, Human Robot Interaction, and Cooperative Robots",
  volume = "3",
  pages = "146-151",
  year = "1995",
  url = "citeseer.ist.psu.edu/zilles95constraintbased.html" }

@inproceedings{ ruspini,
  author =       {Diego C. Ruspini and Krasimir Kolarov and Oussama Khatib},
  title =        {The Haptic Display of Complex Graphical Environments},
  booktitle =    {Computer Graphics ({SIGGRAPH} 97 Conference Proceedings)},
  pages =        {345--352},
  year =         1997,
  organization = {{ACM} {SIGGRAPH}},
  url = {citeseer.ist.psu.edu/ruspini97haptic.html} }

@misc{ linde02hapticmaster,
  author = "R. Van der Linde and P. Lammertse and E. Frederiksen and B. Ruiter",
  title = "The HapticMaster, a new highperformance haptic interface",
  text = "R. Q. Van der Linde, P. Lammertse, E. Frederiksen, and B. Ruiter, The HapticMaster,
    a new highperformance haptic interface, Eurohaptics, pp. 1-5, 2002.",
  year = "2002",
  url = "citeseer.ist.psu.edu/vanderlinde02hapticmaster.html" }

@misc{ moogfcs,
 url = "http://www.fcs-cs.com/robotics"
}

@misc{ sensable,
 url = "http://www.sensable.com"
}

@misc{ forcedimension,
 url = "http://www.forcedimension.com"
}

@misc{ novint,
 url = "http://www.novint.com"
}

@misc{ quanser,
 url = "http://www.quanser.com"
}
